<record><leader>00000cas a22000007a 4500</leader><controlfield tag="001">10804401</controlfield><controlfield tag="008">840604d18331838njuwr ne      0    0eng  </controlfield><datafield ind1=" " ind2=" " tag="010"><subfield code="a">sn 84020450 </subfield></datafield><datafield ind1=" " ind2=" " tag="040"><subfield code="a">DLC</subfield><subfield code="b">eng</subfield><subfield code="c">DLC</subfield><subfield code="d">NPX</subfield><subfield code="d">NJW</subfield><subfield code="d">DLC</subfield><subfield code="d">OCLCQ</subfield></datafield><datafield ind1=" " ind2=" " tag="042"><subfield code="a">msc</subfield></datafield><datafield ind1="0" ind2="0" tag="050"><subfield code="a">Newspaper</subfield></datafield><datafield ind1="0" ind2=" " tag="130"><subfield code="a">Monmouth inquirer (Freehold, N.J. : 1833)</subfield></datafield><datafield ind1="1" ind2="4" tag="245"><subfield code="a">The Monmouth inquirer.</subfield></datafield><datafield ind1=" " ind2=" " tag="260"><subfield code="a">Freehold, N.J. :</subfield><subfield code="b">J.W. Bartleson</subfield></datafield><datafield ind1=" " ind2=" " tag="300"><subfield code="a">v. ;</subfield><subfield code="c">68 cm.</subfield></datafield><datafield ind1=" " ind2=" " tag="310"><subfield code="a">Weekly</subfield></datafield><datafield ind1="1" ind2=" " tag="362"><subfield code="a">Began in 1833; ceased in Feb. 1838.</subfield><subfield code="z">Cf. Wright, W.C. and Stellhorn, P.A. Direct. of N.J. newspapers.</subfield></datafield><datafield ind1=" " ind2=" " tag="588"><subfield code="a">Description based on: Vol. 5, no. 9 (Aug. 29, 1833).</subfield></datafield><datafield ind1=" " ind2=" " tag="752"><subfield code="a">United States</subfield><subfield code="b">New Jersey</subfield><subfield code="c">Monmouth.</subfield></datafield><datafield ind1="0" ind2="0" tag="780"><subfield code="t">Monmouth enquirer</subfield><subfield code="w">(DLC)sn 84020449</subfield><subfield code="w">(OCoLC)10804338</subfield></datafield><datafield ind1="0" ind2="0" tag="785"><subfield code="t">Monmouth inquirer and general advertiser</subfield><subfield code="w">(DLC)sn 84038698</subfield><subfield code="w">(OCoLC)11452119</subfield></datafield><datafield ind1="1" ind2=" " tag="029"><subfield code="a">AU@</subfield><subfield code="b">000026221866</subfield></datafield></record>